# EXPONENTIAL FAMILY
@book{mccullagh1989generalized,
  title={Generalized Linear Models},
  author={McCullagh, P and Nelder, John A},
  volume={37},
  year={1989},
  publisher={CRC Press}
}

@inproceedings{collins2001generalization,
  title={A Generalization of Principal Components Analysis to the Exponential Family.},
  author={Collins, Michael and Dasgupta, Sanjoy and Schapire, Robert E},
  booktitle={NeurIPS},
  volume={13},
  pages={23},
  year={2001}
}

@book{wainwright2008graphical,
  title={Graphical models, exponential families, and variational inference},
  author={Wainwright, Martin J and Jordan, Michael Irwin},
  year={2008},
  publisher={Now Publishers Inc}
}

@article{agarwal2010geometric,
  title={A geometric view of conjugate priors},
  author={Agarwal, Arvind and Daum{\'e}, Hal},
  journal={Machine learning},
  volume={81},
  number={1},
  pages={99--113},
  year={2010},
  publisher={Springer}
}

@article{raskutti2015information,
  title={The information geometry of mirror descent},
  author={Raskutti, Garvesh and Mukherjee, Sayan},
  journal={IEEE Transactions on Information Theory},
  volume={61},
  number={3},
  pages={1451--1457},
  year={2015},
  publisher={IEEE}
}

@article{kunstner2020homeomorphic,
  title={Homeomorphic-Invariance of EM: Non-Asymptotic Convergence in KL Divergence for Exponential Families via Mirror Descent},
  author={Kunstner, Frederik and Kumar, Raunak and Schmidt, Mark},
  journal={AISTATS},
  year={2021}
}


# OPTIMIZATION
@inproceedings{birnbaum2011distributed,
  title={Distributed algorithms via gradient descent for fisher markets},
  author={Birnbaum, Benjamin and Devanur, Nikhil R and Xiao, Lin},
  booktitle={Proceedings of the 12th ACM conference on Electronic commerce},
  pages={127--136},
  year={2011}
}

@article{bubeck2015convex,
  title={Convex Optimization: Algorithms and Complexity},
  author={Bubeck, S{\'e}bastien},
  journal={Foundations and Trends{\textregistered} in Machine Learning},
  volume={8},
  number={3-4},
  pages={231--357},
  year={2015},
  publisher={Now Publishers, Inc.}
}

@article{bauschke2017descent,
  title={A descent lemma beyond Lipschitz gradient continuity: first-order methods revisited and applications},
  author={Bauschke, Heinz H and Bolte, J{\'e}r{\^o}me and Teboulle, Marc},
  journal={Mathematics of Operations Research},
  volume={42},
  number={2},
  pages={330--348},
  year={2017},
  publisher={Informs}
}

@article{lu2018relatively,
  title={Relatively smooth convex optimization by first-order methods, and applications},
  author={Lu, Haihao and Freund, Robert M and Nesterov, Yurii},
  journal={SIAM Journal on Optimization},
  volume={28},
  number={1},
  pages={333--354},
  year={2018},
  publisher={SIAM}
}

@article{hanzely2018fastest,
  title={Fastest rates for stochastic mirror descent methods},
  author={Hanzely, Filip and Richt{\'a}rik, Peter},
  journal={arXiv preprint arXiv:1803.07374},
  year={2018}
}

@article{lu2019relative,
  title={{Relative Continuity} for Non-Lipschitz Nonsmooth Convex Optimization Using Stochastic (or Deterministic) Mirror Descent},
  author={Lu, Haihao},
  journal={INFORMS Journal on Optimization},
  volume={1},
  number={4},
  pages={288--303},
  year={2019},
  publisher={INFORMS}
}
